<?xml version="1.0" encoding="UTF-8"?><collection xmlns="http://www.loc.gov/MARC21/slim"><record><leader>00441nam--2200133-i-4500</leader><controlfield tag="001">000046915</controlfield><controlfield tag="002">20161230</controlfield><controlfield tag="005">20161230201046</controlfield><controlfield tag="008">060222s1000------------r-----000-0-eng-d</controlfield><datafield ind1=" " ind2=" " tag="080"><subfield code="a">615.9:546.18</subfield></datafield><datafield ind1=" " ind2=" " tag="100"><subfield code="a">Warnet, Jean-michel</subfield></datafield><datafield ind1=" " ind2=" " tag="245"><subfield code="a">Recherches de toxicologie biochimique sur la steatose hepatique provoquee par le phosphore balnc. /these</subfield></datafield><datafield ind1=" " ind2=" " tag="260"><subfield code="a">Paris, Univ.Rene Descartes De Paris, 1971, 202p.+liiip.Bibliografie</subfield></datafield><datafield ind1=" " ind2=" " tag="852"><subfield code="a">39004</subfield></datafield></record></collection>